[gd_scene load_steps=6 format=3 uid="uid://i2s0n2m6xd8c"]

[ext_resource type="PackedScene" uid="uid://ph5l7k11riw" path="res://Assets/Menu/Menu.tscn" id="1_0wtm2"]
[ext_resource type="Script" path="res://Assets/Menu/PlayMenu.gd" id="2_v7kqy"]
[ext_resource type="PackedScene" uid="uid://dvctbj1v1yh1p" path="res://Assets/Menu/MenuButton.tscn" id="3_odgdl"]

[sub_resource type="InputEventKey" id="InputEventKey_7k4wy"]
store_command = false
keycode = 67

[sub_resource type="Shortcut" id="Shortcut_vswga"]
events = [SubResource( "InputEventKey_7k4wy" )]

[node name="PlayMenu" instance=ExtResource( "1_0wtm2" )]
script = ExtResource( "2_v7kqy" )

[node name="DisconnectButton" parent="." index="0" instance=ExtResource( "3_odgdl" )]
anchor_right = 0.0
anchor_bottom = 0.0
offset_right = 250.0
offset_bottom = 29.0
text = "disconnect"
label = "disconnect"

[node name="HostButton" parent="." index="1" instance=ExtResource( "3_odgdl" )]
anchor_right = 0.0
anchor_bottom = 0.0
offset_top = 33.0
offset_right = 250.0
offset_bottom = 62.0
text = "host"
label = "host"

[node name="ConnectButton" parent="." index="2" instance=ExtResource( "3_odgdl" )]
anchor_right = 0.0
anchor_bottom = 0.0
offset_top = 66.0
offset_right = 250.0
offset_bottom = 95.0
shortcut = SubResource( "Shortcut_vswga" )
text = "connect"
label = "connect"

[node name="ProfileButton" parent="." index="3" instance=ExtResource( "3_odgdl" )]
anchor_right = 0.0
anchor_bottom = 0.0
offset_top = 99.0
offset_right = 250.0
offset_bottom = 128.0
text = "profile"
label = "profile"

[node name="SuicideButton" parent="." index="4" instance=ExtResource( "3_odgdl" )]
anchor_right = 0.0
anchor_bottom = 0.0
offset_top = 132.0
offset_right = 250.0
offset_bottom = 161.0
text = "commit suicide"
label = "commit suicide"

[node name="Back" parent="." index="5"]
offset_top = 165.0
offset_bottom = 194.0

[connection signal="visibility_changed" from="." to="." method="on_visibility_changed"]
[connection signal="pressed" from="DisconnectButton" to="." method="_on_disconnect_button_pressed"]
[connection signal="pressed" from="HostButton" to="." method="host_button_pressed"]
[connection signal="pressed" from="ConnectButton" to="." method="open_menu" binds= ["res://Assets/Menu/ConnectMenu.tscn"]]
[connection signal="pressed" from="ProfileButton" to="." method="open_menu" binds= ["res://Assets/Menu/ProfileMenu.tscn"]]
[connection signal="pressed" from="SuicideButton" to="." method="commit_suicide"]
