[gd_scene load_steps=38 format=3 uid="uid://dm18jgmxy1b78"]

[ext_resource type="PackedScene" uid="uid://cbh6i7mi0aqjs" path="res://Map.tscn" id="1_5amr5"]
[ext_resource type="PackedScene" uid="uid://k4alrsehhfbc" path="res://Assets/Maps/DM1/DM1.glb" id="2_ov63e"]
[ext_resource type="Material" uid="uid://bsck7xbq7ry6m" path="res://Assets/Materials/Maps/Dev/Dev_Gray.tres" id="3_d54x7"]
[ext_resource type="Texture2D" uid="uid://bus2g2qhtpwjj" path="res://Assets/Effects/NoiseBlurredHorizontally.png" id="3_yx2bu"]
[ext_resource type="Material" uid="uid://cx53mnq3gateb" path="res://Assets/Materials/Maps/Dev/Dev_LightGray.tres" id="4_2kc7n"]
[ext_resource type="Material" uid="uid://bt2vsy5dlu6dk" path="res://Assets/Materials/Maps/Dev/Dev_Orange.tres" id="5_6x3po"]
[ext_resource type="Material" uid="uid://dtcslshbbiwow" path="res://Assets/Materials/Maps/Dev/Dev_Red.tres" id="6_75ykk"]
[ext_resource type="Material" uid="uid://57yq8q50rrni" path="res://Assets/Materials/Maps/Dev/Dev_Blue.tres" id="7_onkmw"]
[ext_resource type="Material" uid="uid://cyer4qv8bnr3m" path="res://Assets/Materials/Maps/Dev/Dev_DarkBlue.tres" id="8_h54t0"]
[ext_resource type="Material" uid="uid://cu2yoel6c87k7" path="res://Assets/Materials/Maps/Dev/Dev_DarkPink.tres" id="9_ocotl"]
[ext_resource type="Material" uid="uid://2trv2yebx21f" path="res://Assets/Materials/Maps/Dev/Dev_Green.tres" id="10_i7pha"]
[ext_resource type="Material" uid="uid://hjawk2uyq77i" path="res://Assets/Materials/Maps/Dev/Dev_DarkGrey.tres" id="11_pw6k3"]
[ext_resource type="Material" uid="uid://dnbp5bj1bfwaf" path="res://Assets/Materials/Maps/Dev/Dev_Yellow.tres" id="12_mxexg"]
[ext_resource type="Material" uid="uid://bi1h7rc860ge3" path="res://Assets/Materials/Maps/Dev/Dev_Violet.tres" id="13_sstni"]
[ext_resource type="Material" uid="uid://bfw5bauokky45" path="res://Assets/Materials/Maps/Dev/Dev_DarkRed.tres" id="14_n7ied"]
[ext_resource type="Material" uid="uid://dc80o7nutveai" path="res://Assets/Materials/Maps/Dev/Dev_Brown.tres" id="15_m803q"]
[ext_resource type="Material" uid="uid://dcsw5jjbi8fmp" path="res://Assets/Materials/Maps/Dev/Dev_DarkViolet.tres" id="16_kkkke"]
[ext_resource type="Texture2D" uid="uid://pnh872qjk0oy" path="res://Assets/Effects/Flame.png" id="19_irh18"]
[ext_resource type="PackedScene" uid="uid://n3ktc2gomi2p" path="res://Assets/MapComponents/SpawnPoint.tscn" id="19_ixjne"]

[sub_resource type="ConvexPolygonShape3D" id="ConvexPolygonShape3D_x751a"]
points = PackedVector3Array(0.273373, 32.0947, 0.273373, -0.294675, -32.0947, -0.294675, -0.294675, 32.0947, -0.294675, 0.273373, -32.0947, 0.273373)

[sub_resource type="ConvexPolygonShape3D" id="ConvexPolygonShape3D_awdhf"]
points = PackedVector3Array(0.273373, 32.0947, 0.273373, -0.294675, -32.0947, -0.294675, -0.294675, 32.0947, -0.294675, 0.273373, -32.0947, 0.273373)

[sub_resource type="ConvexPolygonShape3D" id="ConvexPolygonShape3D_f3tv6"]
points = PackedVector3Array(0.273373, 32.0947, 0.273373, -0.294675, -32.0947, -0.294675, -0.294675, 32.0947, -0.294675, 0.273373, -32.0947, 0.273373)

[sub_resource type="BoxShape3D" id="BoxShape3D_pdpdu"]
size = Vector3(0, 26.6, 5.5)

[sub_resource type="BoxShape3D" id="BoxShape3D_bv1nw"]
size = Vector3(0, 9.3, 7.5)

[sub_resource type="StandardMaterial3D" id="StandardMaterial3D_jqv3s"]
metallic = 1.0
normal_enabled = true
uv1_scale = Vector3(1, 96, 1)
texture_filter = 5

[sub_resource type="CylinderMesh" id="CylinderMesh_mk1a8"]
top_radius = 0.2
bottom_radius = 0.2
height = 64.0
radial_segments = 16

[sub_resource type="FogMaterial" id="FogMaterial_xa7nn"]
density = 0.3
emission = Color(0.0941176, 0.196078, 1, 1)
edge_fade = 0.672717

[sub_resource type="Animation" id="Animation_gditv"]
resource_name = "Light Pulse"
length = 2.0
loop_mode = 1
tracks/0/type = "value"
tracks/0/imported = false
tracks/0/enabled = true
tracks/0/path = NodePath("Energy:light_color")
tracks/0/interp = 1
tracks/0/loop_wrap = true
tracks/0/keys = {
"times": PackedFloat32Array(0, 1, 2),
"transitions": PackedFloat32Array(1.02837, 0.450623, 6.27666e-05),
"update": 0,
"values": [Color(0.184314, 0.603922, 1, 1), Color(0.12549, 0.376471, 1, 1), Color(0.184314, 0.603922, 1, 1)]
}
tracks/1/type = "value"
tracks/1/imported = false
tracks/1/enabled = true
tracks/1/path = NodePath("Energy:rotation")
tracks/1/interp = 1
tracks/1/loop_wrap = true
tracks/1/keys = {
"times": PackedFloat32Array(0, 2),
"transitions": PackedFloat32Array(1, 1),
"update": 0,
"values": [Vector3(0, 0, 0), Vector3(0, 6.28319, 0)]
}
tracks/2/type = "value"
tracks/2/imported = false
tracks/2/enabled = false
tracks/2/path = NodePath("Energy:light_projector:noise_offset")
tracks/2/interp = 1
tracks/2/loop_wrap = true
tracks/2/keys = {
"times": PackedFloat32Array(0, 2),
"transitions": PackedFloat32Array(1, 1),
"update": 0,
"values": [Vector2(0, 0), Vector2(512, 0)]
}
tracks/3/type = "value"
tracks/3/imported = false
tracks/3/enabled = true
tracks/3/path = NodePath("FogVolume:material:density")
tracks/3/interp = 1
tracks/3/loop_wrap = true
tracks/3/keys = {
"times": PackedFloat32Array(0, 1, 2),
"transitions": PackedFloat32Array(1, 1, 1),
"update": 0,
"values": [0.05, 0.15, 0.05]
}

[sub_resource type="Animation" id="Animation_c3pul"]
length = 0.001
tracks/0/type = "value"
tracks/0/imported = false
tracks/0/enabled = true
tracks/0/path = NodePath("Energy:light_color")
tracks/0/interp = 1
tracks/0/loop_wrap = true
tracks/0/keys = {
"times": PackedFloat32Array(0),
"transitions": PackedFloat32Array(1),
"update": 0,
"values": [Color(1, 0.588235, 0.164706, 1)]
}
tracks/1/type = "value"
tracks/1/imported = false
tracks/1/enabled = true
tracks/1/path = NodePath("Energy:rotation")
tracks/1/interp = 1
tracks/1/loop_wrap = true
tracks/1/keys = {
"times": PackedFloat32Array(0),
"transitions": PackedFloat32Array(1),
"update": 0,
"values": [Vector3(0, 0, 0)]
}
tracks/2/type = "value"
tracks/2/imported = false
tracks/2/enabled = true
tracks/2/path = NodePath("Energy:light_projector:noise_offset")
tracks/2/interp = 1
tracks/2/loop_wrap = true
tracks/2/keys = {
"times": PackedFloat32Array(0),
"transitions": PackedFloat32Array(1),
"update": 0,
"values": [Vector2(0, 0)]
}
tracks/3/type = "value"
tracks/3/imported = false
tracks/3/enabled = true
tracks/3/path = NodePath("FogVolume:material:density")
tracks/3/interp = 1
tracks/3/loop_wrap = true
tracks/3/keys = {
"times": PackedFloat32Array(0),
"transitions": PackedFloat32Array(1),
"update": 0,
"values": [0.3]
}

[sub_resource type="Gradient" id="Gradient_ktku0"]
offsets = PackedFloat32Array(0, 0.314189, 0.702703, 1)
colors = PackedColorArray(0, 0, 0, 1, 1, 1, 1, 1, 1, 1, 1, 1, 0, 0, 0, 1)

[sub_resource type="GradientTexture1D" id="GradientTexture1D_wjpdp"]
gradient = SubResource( "Gradient_ktku0" )

[sub_resource type="ParticlesMaterial" id="ParticlesMaterial_l374b"]
emission_shape = 1
emission_sphere_radius = 4.66
spread = 180.0
flatness = 1.0
gravity = Vector3(0, 0, 0)
angular_velocity_min = -120.0
angular_velocity_max = 120.0
radial_accel_min = -29.42
radial_accel_max = -15.95
tangential_accel_min = 20.35
tangential_accel_max = 29.43
damping_min = 11.11
damping_max = 19.43
angle_min = -180.0
angle_max = 180.0
scale_min = 3.0
scale_max = 4.0
color_ramp = SubResource( "GradientTexture1D_wjpdp" )
hue_variation_min = -0.2
hue_variation_max = 0.1
anim_offset_max = 4.0

[sub_resource type="StandardMaterial3D" id="StandardMaterial3D_n0ym4"]
blend_mode = 1
shading_mode = 0
vertex_color_use_as_albedo = true
albedo_color = Color(0.117647, 0.337255, 1, 1)
albedo_texture = ExtResource( "19_irh18" )
billboard_mode = 3
particles_anim_h_frames = 2
particles_anim_v_frames = 2
particles_anim_loop = false
proximity_fade_enable = true
proximity_fade_distance = 4.0

[sub_resource type="QuadMesh" id="QuadMesh_eruqp"]
material = SubResource( "StandardMaterial3D_n0ym4" )

[node name="Map" instance=ExtResource( "1_5amr5" )]

[node name="Camera" parent="." index="0"]
transform = Transform3D(-4.2222e-08, 0.258819, -0.965926, 1.13133e-08, 0.965926, 0.258819, 1, 0, -4.37114e-08, -53, -19, 0)

[node name="Sun" parent="Lighting" index="1"]
use_in_sky_only = true

[node name="LightmapGI" parent="Lighting" index="2"]
visible = false
environment_mode = 1

[node name="VoxelGI" parent="Lighting" index="3"]
transform = Transform3D(1, 0, 0, 0, 1, 0, 0, 0, 1, -10, -1, 2)
extents = Vector3(54, 39, 38)

[node name="Prototype" parent="Geometry" index="0"]
visible = false
use_collision = false
__meta__ = {
"_edit_lock_": true
}

[node name="DM1" parent="Geometry" index="1" instance=ExtResource( "2_ov63e" )]
transform = Transform3D(1, 0, 0, 0, 1, 0, 0, 0, 1, 0, -33, 0)
__meta__ = {
"_edit_lock_": true
}

[node name="Main 022" parent="Geometry/DM1" index="0"]
surface_material_override/0 = ExtResource( "3_d54x7" )
surface_material_override/1 = ExtResource( "4_2kc7n" )
surface_material_override/2 = ExtResource( "5_6x3po" )
surface_material_override/3 = ExtResource( "6_75ykk" )

[node name="Main 031" parent="Geometry/DM1" index="1"]
surface_material_override/0 = ExtResource( "4_2kc7n" )

[node name="Main 032" parent="Geometry/DM1" index="2"]
surface_material_override/0 = ExtResource( "13_sstni" )
surface_material_override/1 = ExtResource( "8_h54t0" )
surface_material_override/2 = ExtResource( "7_onkmw" )

[node name="Main 033" parent="Geometry/DM1" index="3"]
surface_material_override/0 = ExtResource( "9_ocotl" )

[node name="Main 034" parent="Geometry/DM1" index="4"]
surface_material_override/0 = ExtResource( "4_2kc7n" )
surface_material_override/1 = ExtResource( "5_6x3po" )

[node name="QBlock002" parent="Geometry/DM1" index="5"]
surface_material_override/0 = ExtResource( "10_i7pha" )
surface_material_override/1 = ExtResource( "3_d54x7" )

[node name="Main 035" parent="Geometry/DM1" index="6"]
surface_material_override/0 = ExtResource( "6_75ykk" )
surface_material_override/1 = ExtResource( "11_pw6k3" )
surface_material_override/2 = ExtResource( "7_onkmw" )
surface_material_override/3 = ExtResource( "4_2kc7n" )
surface_material_override/4 = ExtResource( "3_d54x7" )

[node name="Main 040" parent="Geometry/DM1" index="7"]
surface_material_override/0 = ExtResource( "3_d54x7" )

[node name="Main 047" parent="Geometry/DM1" index="8"]
surface_material_override/0 = ExtResource( "6_75ykk" )

[node name="Main 048" parent="Geometry/DM1" index="9"]
surface_material_override/0 = ExtResource( "3_d54x7" )

[node name="Main 049" parent="Geometry/DM1" index="10"]
surface_material_override/0 = ExtResource( "9_ocotl" )

[node name="Main 050" parent="Geometry/DM1" index="11"]
surface_material_override/0 = ExtResource( "6_75ykk" )
surface_material_override/1 = ExtResource( "3_d54x7" )
surface_material_override/2 = ExtResource( "4_2kc7n" )
surface_material_override/3 = ExtResource( "12_mxexg" )

[node name="Main 051" parent="Geometry/DM1" index="12"]
surface_material_override/0 = ExtResource( "5_6x3po" )
surface_material_override/1 = ExtResource( "3_d54x7" )

[node name="Main 052" parent="Geometry/DM1" index="13"]
surface_material_override/0 = ExtResource( "11_pw6k3" )

[node name="Main 053" parent="Geometry/DM1" index="14"]
surface_material_override/0 = ExtResource( "4_2kc7n" )

[node name="Main 054" parent="Geometry/DM1" index="15"]
surface_material_override/0 = ExtResource( "13_sstni" )

[node name="Main 058" parent="Geometry/DM1" index="16"]
surface_material_override/0 = ExtResource( "4_2kc7n" )

[node name="Main 059" parent="Geometry/DM1" index="17"]
surface_material_override/0 = ExtResource( "3_d54x7" )

[node name="Main 060" parent="Geometry/DM1" index="18"]
surface_material_override/0 = ExtResource( "4_2kc7n" )

[node name="Main 061" parent="Geometry/DM1" index="19"]
surface_material_override/0 = ExtResource( "4_2kc7n" )

[node name="Main 062" parent="Geometry/DM1" index="20"]
surface_material_override/0 = ExtResource( "5_6x3po" )
surface_material_override/1 = ExtResource( "3_d54x7" )
surface_material_override/2 = ExtResource( "12_mxexg" )
surface_material_override/3 = ExtResource( "6_75ykk" )
surface_material_override/4 = ExtResource( "14_n7ied" )
surface_material_override/5 = ExtResource( "15_m803q" )

[node name="Main 063" parent="Geometry/DM1" index="21"]
surface_material_override/0 = ExtResource( "16_kkkke" )

[node name="Main 064" parent="Geometry/DM1" index="22"]
surface_material_override/0 = ExtResource( "3_d54x7" )

[node name="QBlock003" parent="Geometry/DM1" index="23"]
surface_material_override/0 = ExtResource( "7_onkmw" )

[node name="QBlock005" parent="Geometry/DM1" index="24"]
surface_material_override/0 = ExtResource( "7_onkmw" )

[node name="Main 065" parent="Geometry/DM1" index="25"]
surface_material_override/0 = ExtResource( "4_2kc7n" )
surface_material_override/1 = ExtResource( "3_d54x7" )
surface_material_override/2 = ExtResource( "11_pw6k3" )

[node name="Main 066" parent="Geometry/DM1" index="26"]
surface_material_override/0 = ExtResource( "5_6x3po" )

[node name="Main 067" parent="Geometry/DM1" index="27"]
surface_material_override/0 = ExtResource( "12_mxexg" )

[node name="Main 068" parent="Geometry/DM1" index="28"]
surface_material_override/0 = ExtResource( "3_d54x7" )

[node name="Main 069" parent="Geometry/DM1" index="29"]
surface_material_override/0 = ExtResource( "3_d54x7" )
surface_material_override/1 = ExtResource( "4_2kc7n" )

[node name="Main 070" parent="Geometry/DM1" index="30"]
surface_material_override/0 = ExtResource( "4_2kc7n" )

[node name="Main 072" parent="Geometry/DM1" index="31"]
surface_material_override/0 = ExtResource( "12_mxexg" )

[node name="Collision" parent="Geometry/DM1" index="32"]
visible = false

[node name="StaticBody3D" type="StaticBody3D" parent="Geometry" index="2"]
transform = Transform3D(1, 0, 0, 0, 0, -1, 0, 1, 0, 39.7, -18.5, 8)

[node name="CollisionShape3D" type="CollisionShape3D" parent="Geometry/StaticBody3D" index="0"]
shape = SubResource( "ConvexPolygonShape3D_x751a" )

[node name="CollisionShape3D2" type="CollisionShape3D" parent="Geometry/StaticBody3D" index="1"]
transform = Transform3D(1, 0, 0, 0, 1, 0, 0, 0, 1, 0, 0, 1)
shape = SubResource( "ConvexPolygonShape3D_awdhf" )

[node name="CollisionShape3D3" type="CollisionShape3D" parent="Geometry/StaticBody3D" index="2"]
transform = Transform3D(1, 0, 0, 0, 1, 0, 0, 0, 1, 0, 0, -1)
shape = SubResource( "ConvexPolygonShape3D_f3tv6" )

[node name="CollisionShape3D4" type="CollisionShape3D" parent="Geometry/StaticBody3D" index="3"]
transform = Transform3D(1, 0, 0, 0, 1, 0, 0, 0, 1, -6.4, -8, -1.75)
shape = SubResource( "BoxShape3D_pdpdu" )

[node name="CollisionShape3D5" type="CollisionShape3D" parent="Geometry/StaticBody3D" index="4"]
transform = Transform3D(1, 0, 0, 0, 1, 0, 0, 0, 1, -6.4, -16.65, 4.75)
shape = SubResource( "BoxShape3D_bv1nw" )

[node name="CollisionShape3D6" type="CollisionShape3D" parent="Geometry/StaticBody3D" index="5"]
transform = Transform3D(1, 0, 0, 0, 1, 0, 0, 0, 1, -6.4, 0.65, 4.75)
shape = SubResource( "BoxShape3D_bv1nw" )

[node name="MeshInstance3D" type="MeshInstance3D" parent="Geometry" index="3"]
transform = Transform3D(1, 0, 0, 0, 0, -1, 0, 1, 0, 39.7, -18.5, 8)
material_override = SubResource( "StandardMaterial3D_jqv3s" )
mesh = SubResource( "CylinderMesh_mk1a8" )

[node name="MeshInstance3D2" type="MeshInstance3D" parent="Geometry" index="4"]
transform = Transform3D(1, 0, 0, 0, 0, -1, 0, 1, 0, 39.7, -19.5, 8)
material_override = SubResource( "StandardMaterial3D_jqv3s" )
mesh = SubResource( "CylinderMesh_mk1a8" )

[node name="MeshInstance3D3" type="MeshInstance3D" parent="Geometry" index="5"]
transform = Transform3D(1, 0, 0, 0, 0, -1, 0, 1, 0, 39.7, -17.5, 8)
material_override = SubResource( "StandardMaterial3D_jqv3s" )
mesh = SubResource( "CylinderMesh_mk1a8" )

[node name="GPUParticlesCollisionSDF" parent="ParticlesCollision" index="0"]
transform = Transform3D(1, 0, 0, 0, 1, 0, 0, 0, 1, -9, -11, 4)
extents = Vector3(53, 28, 37)
resolution = 3
__meta__ = {
"_edit_lock_": true
}

[node name="FogVolume" type="FogVolume" parent="Lights" index="0"]
transform = Transform3D(1, 0, 0, 0, 1, 0, 0, 0, 1, -34, -22, 0)
visible = false
extents = Vector3(25, 13, 26)
shape = 0
material = SubResource( "FogMaterial_xa7nn" )

[node name="AnimationPlayer" type="AnimationPlayer" parent="Lights" index="1"]
autoplay = "Light Pulse"
"anims/Light Pulse" = SubResource( "Animation_gditv" )
anims/RESET = SubResource( "Animation_c3pul" )

[node name="OmniLight3D" type="SpotLight3D" parent="Lights" index="2"]
transform = Transform3D(1, 0, 0, 0, -4.37114e-08, 1, 0, -1, -4.37114e-08, 16, 15, 0)
light_color = Color(1, 0.788235, 0.737255, 1)
light_energy = 7.0
light_size = 1.0
light_specular = 1.0
shadow_enabled = true
spot_range = 100.0
spot_attenuation = 0.63728

[node name="OmniLight3D2" type="SpotLight3D" parent="Lights" index="3"]
transform = Transform3D(1, 0, 0, 0, 0.642788, 0.766044, 0, -0.766044, 0.642788, 16, 58, 86)
light_energy = 80.0
light_specular = 0.0
shadow_enabled = true
shadow_blur = 8.0
spot_range = 175.0
spot_angle = 21.6724

[node name="SpotLight3D" type="SpotLight3D" parent="Lights" index="4"]
transform = Transform3D(1, 0, 0, 0, -4.37114e-08, 1, 0, -1, -4.37114e-08, -24, 8, 0)
light_energy = 15.0
light_specular = 1.0
shadow_enabled = true
spot_range = 92.0
spot_attenuation = 0.554785

[node name="SpotLight3D2" type="SpotLight3D" parent="Lights" index="5"]
transform = Transform3D(1, 0, 0, 0, -4.37114e-08, 1, 0, -1, -4.37114e-08, -50, 1, 0)
light_energy = 15.0
light_specular = 1.0
shadow_enabled = true
spot_range = 92.0
spot_attenuation = 0.554785

[node name="Energy" type="OmniLight3D" parent="Lights" index="6"]
transform = Transform3D(1, 0, 0, 0, 1, 0, 0, 0, 1, -34, -21.4, 0)
light_color = Color(1, 0.588235, 0.164706, 1)
light_energy = 15.0
light_projector = ExtResource( "3_yx2bu" )
shadow_enabled = true
omni_range = 65.0

[node name="AudioStreamPlayer3D" type="AudioStreamPlayer3D" parent="Lights/Energy" index="0"]

[node name="SpotLight3D3" type="SpotLight3D" parent="Lights" index="7"]
transform = Transform3D(1, 0, 0, 0, -4.37114e-08, 1, 0, -1, -4.37114e-08, -1, -18, -30)
light_energy = 15.0
shadow_enabled = true
spot_range = 30.0
spot_angle = 70.9598

[node name="SpotLight3D4" type="SpotLight3D" parent="Lights" index="8"]
transform = Transform3D(1, 0, 0, 0, -4.37114e-08, 1, 0, -1, -4.37114e-08, -22, -18, -23)
light_energy = 15.0
shadow_enabled = true
spot_range = 30.0
spot_angle = 70.9598

[node name="SpotLight3D5" type="SpotLight3D" parent="Lights" index="9"]
transform = Transform3D(1, 0, 0, 0, -4.37114e-08, 1, 0, -1, -4.37114e-08, 19.5, -23, -23)
light_energy = 15.0
shadow_enabled = true
spot_range = 30.0
spot_angle = 70.9598

[node name="SpotLight3D9" type="SpotLight3D" parent="Lights" index="10"]
transform = Transform3D(1, 0, 0, 0, -4.37114e-08, 1, 0, -1, -4.37114e-08, 35.5, -14.4, -10)
light_color = Color(1, 0.372549, 0, 1)
light_energy = 15.0
shadow_enabled = true
spot_range = 30.0
spot_angle = 31.286

[node name="SpotLight3D10" type="SpotLight3D" parent="Lights" index="11"]
transform = Transform3D(1, 0, 0, 0, -4.37114e-08, 1, 0, -1, -4.37114e-08, 35.5, -14.4, 0)
light_color = Color(1, 0.372549, 0, 1)
light_energy = 15.0
shadow_enabled = true
spot_range = 30.0
spot_angle = 31.286

[node name="SpotLight3D11" type="SpotLight3D" parent="Lights" index="12"]
transform = Transform3D(1, 0, 0, 0, -4.37114e-08, 1, 0, -1, -4.37114e-08, 35.5, -14.4, 11)
light_color = Color(1, 0.372549, 0, 1)
light_energy = 15.0
shadow_enabled = true
spot_range = 30.0
spot_angle = 31.286

[node name="SpotLight3D6" type="SpotLight3D" parent="Lights" index="13"]
transform = Transform3D(1, 0, 0, 0, -4.37114e-08, 1, 0, -1, -4.37114e-08, 29.5, -15, -16)
light_energy = 15.0
shadow_enabled = true
spot_range = 30.0
spot_angle = 70.9598

[node name="SpotLight3D7" type="SpotLight3D" parent="Lights" index="14"]
transform = Transform3D(1, 0, 0, 0, -4.37114e-08, 1, 0, -1, -4.37114e-08, 2.5, -30, -21)
light_energy = 15.0
shadow_enabled = true
spot_range = 30.0
spot_angle = 70.9598

[node name="SpotLight3D8" type="SpotLight3D" parent="Lights" index="15"]
transform = Transform3D(1, 0, 0, 0, -4.37114e-08, 1, 0, -1, -4.37114e-08, -3.5, -29.6, 3)
light_energy = 15.0
shadow_enabled = true
spot_range = 30.0
spot_angle = 70.9598

[node name="OmniLight3D3" type="OmniLight3D" parent="Lights" index="16"]
transform = Transform3D(1, 0, 0, 0, 1, 0, 0, 0, 1, -47, -27, -16)
shadow_enabled = true
omni_range = 15.0

[node name="OmniLight3D6" type="OmniLight3D" parent="Lights" index="17"]
transform = Transform3D(1, 0, 0, 0, 1, 0, 0, 0, 1, -36, -29, -21)
light_color = Color(1, 0.784314, 0.286275, 1)
shadow_enabled = true
omni_range = 15.0

[node name="OmniLight3D7" type="OmniLight3D" parent="Lights" index="18"]
transform = Transform3D(1, 0, 0, 0, 1, 0, 0, 0, 1, -36, -31, -13)
light_color = Color(1, 0.784314, 0.286275, 1)
shadow_enabled = true
omni_range = 15.0

[node name="OmniLight3D8" type="OmniLight3D" parent="Lights" index="19"]
transform = Transform3D(1, 0, 0, 0, 1, 0, 0, 0, 1, -24, -31, -14)
light_color = Color(1, 0.784314, 0.286275, 1)
shadow_enabled = true
omni_range = 15.0

[node name="OmniLight3D4" type="OmniLight3D" parent="Lights" index="20"]
transform = Transform3D(1, 0, 0, 0, 1, 0, 0, 0, 1, -58, -23, -17)
shadow_enabled = true
omni_range = 15.0

[node name="OmniLight3D5" type="OmniLight3D" parent="Lights" index="21"]
transform = Transform3D(1, 0, 0, 0, 1, 0, 0, 0, 1, -58, -22, -6)
shadow_enabled = true
omni_range = 15.0

[node name="GPUParticles3D" type="GPUParticles3D" parent="Particles" index="0"]
transform = Transform3D(1, 0, 0, 0, 1, 0, 0, 0, 1, -34, -21.9, 0)
amount = 128
lifetime = 1.5
process_material = SubResource( "ParticlesMaterial_l374b" )
draw_pass_1 = SubResource( "QuadMesh_eruqp" )

[node name="ReflectionProbe" parent="ReflectionProbes" index="0"]
transform = Transform3D(1, 0, 0, 0, 1, 0, 0, 0, 1, 19, -20.8705, 0)
extents = Vector3(15, 16, 16)
interior = true

[node name="ReflectionProbe8" type="ReflectionProbe" parent="ReflectionProbes" index="1"]
transform = Transform3D(1, 0, 0, 0, 1, 0, 0, 0, 1, 7, -32.741, 0)
extents = Vector3(17, 4, 16)
box_projection = true
interior = true
enable_shadows = true
ambient_color = Color(1, 1, 1, 1)

[node name="ReflectionProbe2" type="ReflectionProbe" parent="ReflectionProbes" index="2"]
transform = Transform3D(1, 0, 0, 0, 1, 0, 0, 0, 1, -33.5445, -20.8705, 0)
extents = Vector3(25, 31, 20)
box_projection = true
interior = true
enable_shadows = true
ambient_color = Color(1, 1, 1, 1)

[node name="ReflectionProbe3" type="ReflectionProbe" parent="ReflectionProbes" index="3"]
transform = Transform3D(1, 0, 0, 0, 1, 0, 0, 0, 1, -15.5445, -19.8705, -27)
extents = Vector3(28, 6, 9)
box_projection = true
interior = true
enable_shadows = true
ambient_color = Color(1, 1, 1, 1)

[node name="ReflectionProbe4" type="ReflectionProbe" parent="ReflectionProbes" index="4"]
transform = Transform3D(1, 0, 0, 0, 1, 0, 0, 0, 1, 21.4555, -24.8705, -23)
extents = Vector3(16, 12, 11)
box_projection = true
interior = true
enable_shadows = true
ambient_color = Color(1, 1, 1, 1)

[node name="ReflectionProbe5" type="ReflectionProbe" parent="ReflectionProbes" index="5"]
transform = Transform3D(-4.37114e-08, 0, -1, 0, 1, 0, 1, 0, -4.37114e-08, 37.4555, -21.8705, -3)
extents = Vector3(15, 8, 4)
origin_offset = Vector3(4, 0, 2)
box_projection = true
interior = true
enable_shadows = true
ambient_color = Color(1, 1, 1, 1)

[node name="ReflectionProbe12" type="ReflectionProbe" parent="ReflectionProbes" index="6"]
transform = Transform3D(-4.37114e-08, 0, -1, 0, 1, 0, 1, 0, -4.37114e-08, 31.4555, -21.8705, 21)
extents = Vector3(13, 8, 9)
origin_offset = Vector3(0, 0, 1)
box_projection = true
interior = true
enable_shadows = true
ambient_color = Color(1, 1, 1, 1)

[node name="ReflectionProbe6" type="ReflectionProbe" parent="ReflectionProbes" index="7"]
transform = Transform3D(-4.37114e-08, 0, -1, 0, 1, 0, 1, 0, -4.37114e-08, 32.4555, -21.8705, 31)
extents = Vector3(18, 57, 29)
origin_offset = Vector3(-4, 3, 12)
box_projection = true
enable_shadows = true
ambient_color = Color(1, 1, 1, 1)

[node name="ReflectionProbe7" type="ReflectionProbe" parent="ReflectionProbes" index="8"]
transform = Transform3D(-4.37114e-08, 0, -1, 0, 1, 0, 1, 0, -4.37114e-08, -14.5445, -18.8705, 25)
extents = Vector3(9, 5, 24)
origin_offset = Vector3(-2, 0, -11)
box_projection = true
interior = true
enable_shadows = true
ambient_color = Color(1, 1, 1, 1)

[node name="ReflectionProbe9" type="ReflectionProbe" parent="ReflectionProbes" index="9"]
transform = Transform3D(-1, 0, 8.74228e-08, -2.26267e-08, 0.965926, -0.258819, -8.44439e-08, -0.258819, -0.965926, -58.5445, -22.8705, -8)
extents = Vector3(6, 5, 12)
box_projection = true
interior = true
enable_shadows = true
ambient_color = Color(1, 1, 1, 1)

[node name="ReflectionProbe10" type="ReflectionProbe" parent="ReflectionProbes" index="10"]
transform = Transform3D(1.28155e-07, 0.258819, 0.965926, -2.26267e-08, 0.965926, -0.258819, -1, 1.13133e-08, 1.29645e-07, -45.5445, -28.8705, -18)
extents = Vector3(6, 5, 14)
box_projection = true
interior = true
enable_shadows = true
ambient_color = Color(1, 1, 1, 1)

[node name="ReflectionProbe11" type="ReflectionProbe" parent="ReflectionProbes" index="11"]
transform = Transform3D(0, 0, 1, 0, 1, 0, -1, 0, 0, -30.5445, -31.8705, -16)
extents = Vector3(6, 5, 9)
box_projection = true
interior = true
enable_shadows = true
ambient_color = Color(1, 1, 1, 1)

[node name="SpawnPoint1" parent="SpawnPoints" index="0"]
transform = Transform3D(-4.37114e-08, 0, -1, 0, 1, 0, 1, 0, -4.37114e-08, -1, -21, 6)

[node name="SpawnPoint2" parent="SpawnPoints" index="1" instance=ExtResource( "19_ixjne" )]
transform = Transform3D(-4.37114e-08, 0, -1, 0, 1, 0, 1, 0, -4.37114e-08, -9, -21, 26)

[node name="SpawnPoint4" parent="SpawnPoints" index="2" instance=ExtResource( "19_ixjne" )]
transform = Transform3D(-4.37114e-08, 0, 1, 0, 1, 0, -1, 0, -4.37114e-08, -3, -35, 18)

[node name="SpawnPoint5" parent="SpawnPoints" index="3" instance=ExtResource( "19_ixjne" )]
transform = Transform3D(0.707107, 0, 0.707107, 0, 1, 0, -0.707107, 0, 0.707107, 6.53553, -30, 31.5355)

[node name="SpawnPoint6" parent="SpawnPoints" index="4" instance=ExtResource( "19_ixjne" )]
transform = Transform3D(1.19209e-07, 0, -1, 0, 1, 0, 1, 0, 1.19209e-07, 10.0208, -29, 21.0503)

[node name="SpawnPoint7" parent="SpawnPoints" index="5" instance=ExtResource( "19_ixjne" )]
transform = Transform3D(1, 0, 1.62921e-07, 0, 1, 0, -1.62921e-07, 0, 1, 35.0208, -19, 27.0502)

[node name="SpawnPoint8" parent="SpawnPoints" index="6" instance=ExtResource( "19_ixjne" )]
transform = Transform3D(-2.06632e-07, 0, 1, 0, 1, 0, -1, 0, -2.06632e-07, 38.4208, -19, 0.0502465)

[node name="SpawnPoint9" parent="SpawnPoints" index="7" instance=ExtResource( "19_ixjne" )]
transform = Transform3D(0.707107, 0, -0.707107, 0, 1, 0, 0.707107, 0, 0.707107, 23.9116, -28, -15.0406)

[node name="SpawnPoint10" parent="SpawnPoints" index="8" instance=ExtResource( "19_ixjne" )]
transform = Transform3D(-0.707107, 0, 0.707107, 0, 1, 0, -0.707107, 0, -0.707107, 19.0936, -36, -25.3439)

[node name="SpawnPoint11" parent="SpawnPoints" index="9" instance=ExtResource( "19_ixjne" )]
transform = Transform3D(0.707107, 0, -0.707107, 0, 1, 0, 0.707107, 0, 0.707107, -1.50822, -38, -11.6782)

[node name="SpawnPoint12" parent="SpawnPoints" index="10" instance=ExtResource( "19_ixjne" )]
transform = Transform3D(-0.707107, 0, -0.707107, 0, 1, 0, 0.707107, 0, -0.707107, -6.17512, -34, -25.3961)

[node name="SpawnPoint3" parent="SpawnPoints" index="11" instance=ExtResource( "19_ixjne" )]
transform = Transform3D(0.707107, 0, 0.707107, 0, 1, 0, -0.707107, 0, 0.707107, 31.0506, -30, 11.0406)

[editable path="Geometry/DM1"]
[editable path="SpecialCollision/KillFloor"]
