[gd_resource type="VisualShader" load_steps=11 format=3 uid="uid://d0tpu3sgmdtip"]

[sub_resource type="VisualShaderNodeVectorOp" id="VisualShaderNodeVectorOp_k77kf"]

[sub_resource type="VisualShaderNodeVectorFunc" id="VisualShaderNodeVectorFunc_glu48"]
function = 9

[sub_resource type="VisualShaderNodeColorUniform" id="VisualShaderNodeColorUniform_0w25w"]
uniform_name = "ColorUniform"

[sub_resource type="VisualShaderNodeFresnel" id="VisualShaderNodeFresnel_qyk5w"]
default_input_values = [2, false, 3, 8.0]

[sub_resource type="VisualShaderNodeInput" id="VisualShaderNodeInput_6rlll"]
input_name = "normal"

[sub_resource type="VisualShaderNodeInput" id="VisualShaderNodeInput_vyamy"]
input_name = "view"

[sub_resource type="VisualShaderNodeVectorOp" id="VisualShaderNodeVectorOp_slhr5"]
operator = 2

[sub_resource type="VisualShaderNodeInput" id="VisualShaderNodeInput_cp8j1"]
input_name = "depth_texture"

[sub_resource type="VisualShaderNodeTexture3D" id="VisualShaderNodeTexture3D_k4b3k"]
source = 1

[sub_resource type="VisualShaderNodeInput" id="VisualShaderNodeInput_6avvd"]
input_name = "screen_uv"

[resource]
code = "shader_type spatial;
render_mode blend_add, cull_disabled, unshaded, shadows_disabled;

uniform vec4 ColorUniform : hint_color;



void fragment() {
// Input:4
	vec3 n_out4p0 = NORMAL;


// Input:5
	vec3 n_out5p0 = VIEW;


// Fresnel:3
	float n_in3p3 = 8.00000;
	float n_out3p0 = pow(1.0 - clamp(dot(n_out4p0, n_out5p0), 0.0, 1.0), n_in3p3);


// ColorUniform:2
	vec3 n_out2p0 = ColorUniform.rgb;
	float n_out2p1 = ColorUniform.a;


// VectorOp:6
	vec3 n_out6p0 = vec3(n_out3p0) * n_out2p0;


// VectorOp:10
	vec3 n_in10p1 = vec3(0.00000, 0.00000, 0.00000);
	vec3 n_out10p0 = n_out6p0 + n_in10p1;


// Output:0
	ALBEDO = n_out10p0;


}
"
graph_offset = Vector2(54.9999, -276)
engine_version = {
"major": 4,
"minor": 0
}
modes/blend = 1
modes/cull = 2
flags/shadows_disabled = true
flags/unshaded = true
nodes/fragment/0/position = Vector2(760, 40)
nodes/fragment/2/node = SubResource( "VisualShaderNodeColorUniform_0w25w" )
nodes/fragment/2/position = Vector2(-300, 320)
nodes/fragment/3/node = SubResource( "VisualShaderNodeFresnel_qyk5w" )
nodes/fragment/3/position = Vector2(-160, 0)
nodes/fragment/4/node = SubResource( "VisualShaderNodeInput_6rlll" )
nodes/fragment/4/position = Vector2(-480, -80)
nodes/fragment/5/node = SubResource( "VisualShaderNodeInput_vyamy" )
nodes/fragment/5/position = Vector2(-460, 40)
nodes/fragment/6/node = SubResource( "VisualShaderNodeVectorOp_slhr5" )
nodes/fragment/6/position = Vector2(120, 60)
nodes/fragment/7/node = SubResource( "VisualShaderNodeInput_cp8j1" )
nodes/fragment/7/position = Vector2(-240, -160)
nodes/fragment/8/node = SubResource( "VisualShaderNodeTexture3D_k4b3k" )
nodes/fragment/8/position = Vector2(280, -180)
nodes/fragment/9/node = SubResource( "VisualShaderNodeInput_6avvd" )
nodes/fragment/9/position = Vector2(-104, -308)
nodes/fragment/10/node = SubResource( "VisualShaderNodeVectorOp_k77kf" )
nodes/fragment/10/position = Vector2(320, 40)
nodes/fragment/11/node = SubResource( "VisualShaderNodeVectorFunc_glu48" )
nodes/fragment/11/position = Vector2(540, -120)
nodes/fragment/connections = PackedInt32Array(5, 0, 3, 1, 4, 0, 3, 0, 2, 0, 6, 1, 3, 0, 6, 0, 7, 0, 8, 2, 9, 0, 8, 0, 6, 0, 10, 0, 8, 0, 11, 0, 10, 0, 0, 0)
